@article{DBLP:journals/corr/abs-2107-03374,
  author    = {Mark Chen and
               Jerry Tworek and
               Heewoo Jun and
               Qiming Yuan and
               Henrique Ponde de Oliveira Pinto and
               Jared Kaplan and
               Harrison Edwards and
               Yuri Burda and
               Nicholas Joseph and
               Greg Brockman and
               Alex Ray and
               Raul Puri and
               Gretchen Krueger and
               Michael Petrov and
               Heidy Khlaaf and
               Girish Sastry and
               Pamela Mishkin and
               Brooke Chan and
               Scott Gray and
               Nick Ryder and
               Mikhail Pavlov and
               Alethea Power and
               Lukasz Kaiser and
               Mohammad Bavarian and
               Clemens Winter and
               Philippe Tillet and
               Felipe Petroski Such and
               Dave Cummings and
               Matthias Plappert and
               Fotios Chantzis and
               Elizabeth Barnes and
               Ariel Herbert{-}Voss and
               William Hebgen Guss and
               Alex Nichol and
               Alex Paino and
               Nikolas Tezak and
               Jie Tang and
               Igor Babuschkin and
               Suchir Balaji and
               Shantanu Jain and
               William Saunders and
               Christopher Hesse and
               Andrew N. Carr and
               Jan Leike and
               Joshua Achiam and
               Vedant Misra and
               Evan Morikawa and
               Alec Radford and
               Matthew Knight and
               Miles Brundage and
               Mira Murati and
               Katie Mayer and
               Peter Welinder and
               Bob McGrew and
               Dario Amodei and
               Sam McCandlish and
               Ilya Sutskever and
               Wojciech Zaremba},
  title     = {Evaluating Large Language Models Trained on Code},
  journal   = {CoRR},
  volume    = {abs/2107.03374},
  year      = {2021},
  url       = {https://arxiv.org/abs/2107.03374},
  eprinttype = {arXiv},
  eprint    = {2107.03374},
  timestamp = {Tue, 20 Jul 2021 15:08:33 +0200},
  biburl    = {https://dblp.org/rec/journals/corr/abs-2107-03374.bib},
  bibsource = {dblp computer science bibliography, https://dblp.org}
}

@article{DBLP:journals/corr/abs-2103-00020,
  author    = {Alec Radford and
               Jong Wook Kim and
               Chris Hallacy and
               Aditya Ramesh and
               Gabriel Goh and
               Sandhini Agarwal and
               Girish Sastry and
               Amanda Askell and
               Pamela Mishkin and
               Jack Clark and
               Gretchen Krueger and
               Ilya Sutskever},
  title     = {Learning Transferable Visual Models From Natural Language Supervision},
  journal   = {CoRR},
  volume    = {abs/2103.00020},
  year      = {2021},
  url       = {https://arxiv.org/abs/2103.00020},
  eprinttype = {arXiv},
  eprint    = {2103.00020},
  timestamp = {Thu, 04 Mar 2021 17:00:40 +0100},
  biburl    = {https://dblp.org/rec/journals/corr/abs-2103-00020.bib},
  bibsource = {dblp computer science bibliography, https://dblp.org}
}

@article{DBLP:journals/corr/abs-2005-14165,
  author    = {Tom B. Brown and
               Benjamin Mann and
               Nick Ryder and
               Melanie Subbiah and
               Jared Kaplan and
               Prafulla Dhariwal and
               Arvind Neelakantan and
               Pranav Shyam and
               Girish Sastry and
               Amanda Askell and
               Sandhini Agarwal and
               Ariel Herbert{-}Voss and
               Gretchen Krueger and
               Tom Henighan and
               Rewon Child and
               Aditya Ramesh and
               Daniel M. Ziegler and
               Jeffrey Wu and
               Clemens Winter and
               Christopher Hesse and
               Mark Chen and
               Eric Sigler and
               Mateusz Litwin and
               Scott Gray and
               Benjamin Chess and
               Jack Clark and
               Christopher Berner and
               Sam McCandlish and
               Alec Radford and
               Ilya Sutskever and
               Dario Amodei},
  title     = {Language Models are Few-Shot Learners},
  journal   = {CoRR},
  volume    = {abs/2005.14165},
  year      = {2020},
  url       = {https://arxiv.org/abs/2005.14165},
  eprinttype = {arXiv},
  eprint    = {2005.14165},
  timestamp = {Wed, 03 Jun 2020 11:36:54 +0200},
  biburl    = {https://dblp.org/rec/journals/corr/abs-2005-14165.bib},
  bibsource = {dblp computer science bibliography, https://dblp.org}
}

@inproceedings{42503,
title	= {Intriguing properties of neural networks},
author	= {Christian Szegedy and Wojciech Zaremba and Ilya Sutskever and Joan Bruna and Dumitru Erhan and Ian Goodfellow and Rob Fergus},
year	= {2014},
URL	= {http://arxiv.org/abs/1312.6199},
booktitle	= {International Conference on Learning Representations}
}

@article{DBLP:journals/corr/abs-1905-10615,
  author    = {Adam Gleave and
               Michael Dennis and
               Neel Kant and
               Cody Wild and
               Sergey Levine and
               Stuart Russell},
  title     = {Adversarial Policies: Attacking Deep Reinforcement Learning},
  journal   = {CoRR},
  volume    = {abs/1905.10615},
  year      = {2019},
  url       = {http://arxiv.org/abs/1905.10615},
  eprinttype = {arXiv},
  eprint    = {1905.10615},
  timestamp = {Mon, 06 Jul 2020 08:01:30 +0200},
  biburl    = {https://dblp.org/rec/journals/corr/abs-1905-10615.bib},
  bibsource = {dblp computer science bibliography, https://dblp.org}
}

@INPROCEEDINGS{7467366,
  author={Papernot, Nicolas and McDaniel, Patrick and Jha, Somesh and Fredrikson, Matt and Celik, Z. Berkay and Swami, Ananthram},
  booktitle={2016 IEEE European Symposium on Security and Privacy (EuroS P)},
   title={The Limitations of Deep Learning in Adversarial Settings},
   year={2016},
  volume={},
  number={},
  pages={372-387},
  doi={10.1109/EuroSP.2016.36}
}

@INPROCEEDINGS{323037,
author = {V. Vemuri},
booktitle = {1993 First New Zealand International Two-Stream Conference on Artificial Neural Networks and Expert Systems},
title = {Main problems and issues in neural networks application},
year = {1993},
volume = {},
issn = {},
pages = {226},
keywords = {intelligent networks;neural networks;analog computers;predictive models;application software;parameter estimation;computational modeling;computer simulation;computer networks;dna computing},
doi = {10.1109/ANNES.1993.323037},
url = {https://doi.ieeecomputersociety.org/10.1109/ANNES.1993.323037},
publisher = {IEEE Computer Society},
address = {Los Alamitos, CA, USA},
month = {11}
}

@article{DBLP:journals/corr/abs-1911-12116,
  author    = {Vanessa Buhrmester and David M{\"{u}}nch and Michael Arens},
  title     = {Analysis of Explainers of Black Box Deep Neural Networks for Computer Vision: {A} Survey},
  journal   = {CoRR},
  volume    = {abs/1911.12116},
  year      = {2019},
  url       = {http://arxiv.org/abs/1911.12116},
  eprinttype = {arXiv},
  eprint    = {1911.12116},
  timestamp = {Tue, 03 Dec 2019 20:41:07 +0100},
  biburl    = {https://dblp.org/rec/journals/corr/abs-1911-12116.bib},
  bibsource = {dblp computer science bibliography, https://dblp.org}
}

@book{DBLP:series/atlantis/GoertzelPG14,
  author    = {Ben Goertzel and
               Cassio Pennachin and
               Nil Geisweiller},
  title     = {Engineering General Intelligence, Part 1 - {A} Path to Advanced {AGI}
               via Embodied Learning and Cognitive Synergy},
  series    = {Atlantis Thinking Machines},
  volume    = {5},
  publisher = {Atlantis Press},
  year      = {2014},
  url       = {https://doi.org/10.2991/978-94-6239-027-0},
  doi       = {10.2991/978-94-6239-027-0},
  isbn      = {978-94-6239-026-3},
  timestamp = {Tue, 16 May 2017 14:24:22 +0200},
  biburl    = {https://dblp.org/rec/series/atlantis/GoertzelPG14.bib},
  bibsource = {dblp computer science bibliography, https://dblp.org}
}

@book{DBLP:series/atlantis/GoertzelPG14a,
  author    = {Ben Goertzel and Cassio Pennachin and Nil Geisweiller},
  title     = {Engineering General Intelligence, Part 2 - The CogPrime Architecture for Integrative, Embodied {AGI}},
  series    = {Atlantis Thinking Machines},
  volume    = {6},
  publisher = {Atlantis Press},
  year      = {2014},
  url       = {https://doi.org/10.2991/978-94-6239-030-0},
  doi       = {10.2991/978-94-6239-030-0},
  isbn      = {978-94-6239-029-4},
  timestamp = {Tue, 16 May 2017 14:24:22 +0200},
  biburl    = {https://dblp.org/rec/series/atlantis/GoertzelPG14a.bib},
  bibsource = {dblp computer science bibliography, https://dblp.org}
}

@book{DBLP:series/atlantis/Rohde10,
  author    = {Marieke Rohde},
  title     = {Enaction, Embodiment, Evolutionary Robotics - Simulation Models for
               a Post-Cognitivist Science of Mind},
  series    = {Atlantis Thinking Machines},
  volume    = {1},
  publisher = {Atlantis Press},
  year      = {2010},
  url       = {https://doi.org/10.2991/978-94-91216-34-3},
  doi       = {10.2991/978-94-91216-34-3},
  isbn      = {978-94-91216-34-3},
  timestamp = {Fri, 09 Jun 2017 11:04:29 +0200},
  biburl    = {https://dblp.org/rec/series/atlantis/Rohde10.bib},
  bibsource = {dblp computer science bibliography, https://dblp.org}
}

@inproceedings{inproceedings_cognitive_synergy,
author = {Goertzel, Ben},
year = {2009},
month = {06},
pages = {464-468},
title = {Cognitive synergy: A universal principle for feasible general intelligence},
doi = {10.1109/COGINF.2009.5250694}
}

@inproceedings{inproceedings_SMEPH,
author = {Goertzel, B.},
year = {2006},
month = {01},
pages = {451 - 458},
title = {Patterns, Hypergraphs and Embodied General Intelligence},
journal = {IEEE World Congress on Computational Intelligence, Vancouver, BC, Canada},
doi = {10.1109/IJCNN.2006.246716}
}

@misc{goertzel_AGI, 
title={Artificial general intelligence}, 
url={https://wiki.opencog.org/w/Artificial_General_Intelligence#:~:text=types%20of%20problems.-,Overview%20of%20AGI,-edit}, 
journal={OpenCog}, 
author={Goertzel, Ben}
} 

@misc{995_experts_opinions, 
title={When will singularity happen? 995 experts' opinions on AGI}, 
url={https://research.aimultiple.com/artificial-general-intelligence-singularity-timing/}, 
journal={AIMultiple}, 
author={Cem Dilmegani}, 
year={2021}, 
month={09}
} 

@misc{romero_2021, 
title={GPT-3 - a complete overview}, 
url={https://towardsdatascience.com/gpt-3-a-complete-overview-190232eb25fd}, 
journal={Medium}, 
publisher={Towards Data Science}, 
author={Romero, Alberto}, 
year={2021}, 
month={05}
} 

@misc{goodfellow_2020, 
title={Attacking machine learning with adversarial examples}, 
url={https://openai.com/blog/adversarial-example-research/}, 
journal={OpenAI}, 
publisher={OpenAI}, 
author={Goodfellow, Ian}, 
year={2020}, 
month={10}
} 

@misc{dickson_2020, 
title={The untold story of gpt-3 is the transformation of openai}, 
url={https://bdtechtalks.com/2020/08/17/openai-gpt-3-commercial-ai/}, 
journal={TechTalks}, 
author={Dickson, Ben}, 
year={2020}, 
month={09}
} 

@misc{wiggers_2021, 
title={OpenAI's massive gpt-3 model is impressive, but size isn't everything}, 
url={https://venturebeat.com/2020/06/01/ai-machine-learning-openai-gpt-3-size-isnt-everything/}, 
journal={VentureBeat}, 
publisher={VentureBeat}, 
author={Wiggers, Kyle}, 
year={2021}, 
month={05}
} 

@book{goertzel2006the,
 author = {Goertzel, Ben},
 title = {The hidden pattern : a patternist philosophy of mind},
 publisher = {BrownWalker Press},
 year = {2006},
 address = {Boca Raton},
 isbn = {1581129890}
 }

@inproceedings{img05,
author = {Gong, Yuan and Poellabauer, Christian},
year = {2018},
month = {03},
pages = {},
title = {An Overview of Vulnerabilities of Voice Controlled Systems}
}

@misc{img02, 
title={Backpropagation networks}, 
url={http://slideplayer.com/slide/6816119}, 
journal={SlidePlayer}
}

@misc{img03, 
title={4 reasons why deep learning and neural networks aren't always the right choice}, 
url={https://builtin.com/data-science/disadvantages-neural-networks}, 
journal={Built In}, 
author={Donges, Niklas}
} 

@misc{davidson_2019, 
title={Narrow vs. general ai: What's next for artificial intelligence?}, 
url={https://www.springboard.com/blog/ai-machine-learning/narrow-vs-general-ai/}, 
journal={Springboard Blog}, 
author={Davidson, Leah}, 
year={2019}, 
month={08}
}  

@misc{edi_weekly, 
title={The three different types of artificial intelligence – ANI, AGI AND ASI}, 
url={https://www.ediweekly.com/the-three-different-types-of-artificial-intelligence-ani-agi-and-asi/}, 
journal={EDI Weekly: Engineered Design Insider}, 
year={2019}, 
month={10}
} 

@misc{lawtomated_2020, 
title={AI for Legal: Ani, AGI and ASI}, 
url={https://lawtomated.medium.com/ai-for-legal-ani-agi-and-asi-cea6e7a4079e}, 
journal={Medium}, 
publisher={Medium}, 
author={Lawtomated}, 
year={2020}, 
month={02}
} 

@misc{allan_2018, 
title={The three tiers of AI: Automating tomorrow with Agi, ASI and ANI}, 
url={https://www.aware.co.th/three-tiers-ai-automating-tomorrow-agi-asi-ani/}, 
journal={Aware Group}, 
author={Allan, Sean}, 
year={2018}, 
month={09}
} 

@misc{astute_solutions_2020, 
title={Artificial narrow intelligence and the customer experience}, 
url={https://astutesolutions.com/ani/artificial-narrow-intelligence}, 
journal={Astute Solutions}, 
author={Astute Solutions}, 
year={2020}, 
month={11}
} 

@misc{bhatia_2021, 
title={AGI vs ANI and understanding the path towards machine intelligence}, 
url={https://analyticsindiamag.com/agi-vs-ani-understanding-the-path-towards-machine-intelligence/}, 
journal={Analytics India Magazine}, 
author={Bhatia, Richa}, 
year={2018}, 
month={01}
} 